<record><leader>00000cas a22000007a 4500</leader><controlfield tag="001">12852239</controlfield><controlfield tag="008">851127d18701870nyudn ne      0    0spa  </controlfield><controlfield tag="009">466</controlfield><datafield ind1=" " ind2=" " tag="010"><subfield code="a">sn 85042779 </subfield></datafield><datafield ind1=" " ind2=" " tag="040"><subfield code="a">DLC</subfield><subfield code="b">eng</subfield><subfield code="c">DLC</subfield><subfield code="d">OCLCQ</subfield></datafield><datafield ind1="1" ind2=" " tag="029"><subfield code="a">AU@</subfield><subfield code="b">000023803630</subfield></datafield><datafield ind1=" " ind2=" " tag="042"><subfield code="a">msc</subfield></datafield><datafield ind1="0" ind2="0" tag="050"><subfield code="a">Newspaper 8940</subfield></datafield><datafield ind1="0" ind2=" " tag="130"><subfield code="a">New York Democrat (New York, N.Y. : 1870)</subfield></datafield><datafield ind1="0" ind2="0" tag="245"><subfield code="a">New York Democrat.</subfield></datafield><datafield ind1=" " ind2=" " tag="250"><subfield code="a">Edicion Cubana.</subfield></datafield><datafield ind1=" " ind2=" " tag="260"><subfield code="a">Nueva York, [N.Y.] :</subfield><subfield code="b">R. Lanza,</subfield><subfield code="c">1870.</subfield></datafield><datafield ind1=" " ind2=" " tag="300"><subfield code="a">1 v. ;</subfield><subfield code="c">58 cm.</subfield></datafield><datafield ind1=" " ind2=" " tag="310"><subfield code="a">Daily (except Sun.)</subfield></datafield><datafield ind1="0" ind2=" " tag="362"><subfield code="a">Vol. 1, no. 1 (mayo 11, 1870)-v. 1, no. 39 (junio 25, 1870).</subfield></datafield><datafield ind1=" " ind2=" " tag="546"><subfield code="a">Spanish and English.</subfield></datafield><datafield ind1=" " ind2=" " tag="580"><subfield code="a">Published in an English ed. called: Democrat.</subfield></datafield><datafield ind1=" " ind2=" " tag="752"><subfield code="a">United States</subfield><subfield code="b">New York</subfield><subfield code="c">New York</subfield><subfield code="d">New York.</subfield></datafield><datafield ind1="1" ind2=" " tag="775"><subfield code="t">Democrat</subfield><subfield code="w">(DLC)sn 83030110</subfield></datafield><datafield ind1="0" ind2="0" tag="785"><subfield code="t">Democrata de Nueva York</subfield><subfield code="w">(DLC)sn 85042780</subfield></datafield></record>